<?xml version="1.0" encoding="UTF-8"?><collection xmlns="http://www.loc.gov/MARC21/slim"><record><leader>00382nam--2200133-i-4500</leader><controlfield tag="001">000019643</controlfield><controlfield tag="002">20161230</controlfield><controlfield tag="005">20161230201033</controlfield><controlfield tag="008">060222s1000------------r-----000-0-eng-d</controlfield><datafield ind1=" " ind2=" " tag="080"><subfield code="a">33</subfield></datafield><datafield ind1=" " ind2=" " tag="100"><subfield code="a">Elian, George</subfield></datafield><datafield ind1=" " ind2=" " tag="245"><subfield code="a">Suveranitatea permanenta asupra resurselor nationale si implicatiile sale internationale</subfield></datafield><datafield ind1=" " ind2=" " tag="260"><subfield code="a">Bucuresti, Editura Politica, 1977. 183 P</subfield></datafield><datafield ind1=" " ind2=" " tag="852"><subfield code="a">44263</subfield></datafield></record></collection>